<?xml version="1.0" encoding="UTF-8"?><collection xmlns="http://www.loc.gov/MARC21/slim"><record><leader>00514nam--2200193-u-4500</leader><controlfield tag="001">000054008</controlfield><controlfield tag="002">20161230</controlfield><controlfield tag="005">20161230201051</controlfield><controlfield tag="008">110728s1000------------r-----000-0-rus-d</controlfield><datafield ind1=" " ind2=" " tag="040"><subfield code="a">IFIN-HH</subfield></datafield><datafield ind1=" " ind2=" " tag="041"><subfield code="a">rus</subfield></datafield><datafield ind1=" " ind2=" " tag="080"><subfield code="a">621.315.592</subfield></datafield><datafield ind1="1" ind2=" " tag="100"><subfield code="a">Epstein, E.M</subfield></datafield><datafield ind1="1" ind2="0" tag="245"><subfield code="a">Fotostimulirovannie protessi v poluprovodnikah</subfield><subfield code="c">E.m. epistein, g.m. smelev, g.i. turkan</subfield></datafield><datafield ind1=" " ind2=" " tag="260"><subfield code="a">Kisinev</subfield><subfield code="b">Stiinta</subfield><subfield code="c">1987</subfield></datafield><datafield ind1=" " ind2=" " tag="300"><subfield code="a">168P</subfield></datafield><datafield ind1="1" ind2=" " tag="700"><subfield code="a">Turkan, G.I</subfield></datafield><datafield ind1=" " ind2=" " tag="852"><subfield code="a">74210</subfield><subfield code="c">537.311.33</subfield></datafield><datafield ind1=" " ind2=" " tag="CAT"><subfield code="a">Sys</subfield><subfield code="c">20110728</subfield><subfield code="h">134632</subfield></datafield></record></collection>